@online{polyaxon,
 author = {Polyaxon},
 title = {Polyaxon},
 year = 2018,
 url = {https://github.com/polyaxon/polyaxon/},
 urldate = {2019-02-10}
}

@inproceedings{modeldb,
 author    = {Manasi Vartak},
 title     = {{MODELDB:} {A} System for Machine Learning Model Management},
 booktitle = {{CIDR} 2017, 8th Biennial Conference on Innovative Data Systems Research,
               Chaminade, CA, USA, January 8-11, 2017, Online Proceedings},
 year      = {2017},
 timestamp = {Wed, 04 Jan 2017 18:40:03 +0100},
 biburl    = {https://dblp.org/rec/bib/conf/cidr/Vartak17},
 bibsource = {dblp computer science bibliography, https://dblp.org}
}

@online{mlflow,
 author = {MLFlow},
 title = {MLFlow},
 year = 2018,
 url = {https://github.com/mlflow/mlflow/},
 urldate = {2019-02-10}
}

@online{datmo,
 author = {datmo},
 title = {datmo},
 year = 2018,
 url = {https://github.com/datmo/datmo},
 urldate = {2019-02-10}
}
